@ARTICLE{b1,
  author={Djavanshir, G. Reza and Chen, Xinrui and Yang, Wenhao},
  journal={IT Professional}, 
  title={A Review of Artificial Intelligence's Neural Networks (Deep Learning) Applications in Medical Diagnosis and Prediction}, 
  year={2021},
  volume={23},
  number={3},
  pages={58-62},
}
@inproceedings{cegar-nn,
  author       = {Yizhak Yisrael Elboher and
                  Justin Gottschlich and
                  Guy Katz},
  editor       = {Shuvendu K. Lahiri and
                  Chao Wang},
  title        = {An Abstraction-Based Framework for Neural Network Verification},
  booktitle    = {Computer Aided Verification - 32nd International Conference, {CAV}
                  2020, Los Angeles, CA, USA, July 21-24, 2020, Proceedings, Part {I}},
  series       = {Lecture Notes in Computer Science},
  volume       = {12224},
  pages        = {43--65},
  publisher    = {Springer},
  year         = {2020},
}
@article{b2,
  author       = {Arpan Mangal and
                  Surya Kalia and
                  Harish Rajgopal and
                  Krithika Rangarajan and
                  Vinay P. Namboodiri and
                  Subhashis Banerjee and
                  Chetan Arora},
  title        = {CovidAID: {COVID-19} Detection Using Chest X-Ray},
  journal      = {CoRR},
  volume       = {abs/2004.09803},
  year         = {2020},
  eprinttype    = {arXiv},
  eprint       = {2004.09803},
}
@article{b3,
  author       = {Mariusz Bojarski and
                  Davide Del Testa and
                  Daniel Dworakowski and
                  Bernhard Firner and
                  Beat Flepp and
                  Prasoon Goyal and
                  Lawrence D. Jackel and
                  Mathew Monfort and
                  Urs Muller and
                  Jiakai Zhang and
                  Xin Zhang and
                  Jake Zhao and
                  Karol Zieba},
  title        = {End to End Learning for Self-Driving Cars},
  journal      = {CoRR},
  volume       = {abs/1604.07316},
  year         = {2016},
  eprinttype    = {arXiv},
  eprint       = {1604.07316},
}
@inproceedings{reluplex,
  author       = {Guy Katz and
                  Clark W. Barrett and
                  David L. Dill and
                  Kyle Julian and
                  Mykel J. Kochenderfer},
  editor       = {Rupak Majumdar and
                  Viktor Kuncak},
  title        = {Reluplex: An Efficient {SMT} Solver for Verifying Deep Neural Networks},
  booktitle    = {Computer Aided Verification - 29th International Conference, {CAV}
                  2017, Heidelberg, Germany, July 24-28, 2017, Proceedings, Part {I}},
  series       = {Lecture Notes in Computer Science},
  volume       = {10426},
  pages        = {97--117},
  publisher    = {Springer},
  year         = {2017},
}
@article{deeppoly,
  author       = {Gagandeep Singh and
                  Timon Gehr and
                  Markus P{\"{u}}schel and
                  Martin T. Vechev},
  title        = {An abstract domain for certifying neural networks},
  journal      = {Proc. {ACM} Program. Lang.},
  volume       = {3},
  number       = {{POPL}},
  pages        = {41:1--41:30},
  year         = {2019},
}
@inproceedings{overview-fxai,
  author       = {Jo{\~{a}}o Marques{-}Silva and
                  Alexey Ignatiev},
  title        = {Delivering Trustworthy {AI} through Formal {XAI}},
  booktitle    = {Thirty-Sixth {AAAI} Conference on Artificial Intelligence, {AAAI}
                  2022, Thirty-Fourth Conference on Innovative Applications of Artificial
                  Intelligence, {IAAI} 2022, The Twelveth Symposium on Educational Advances
                  in Artificial Intelligence, {EAAI} 2022 Virtual Event, February 22
                  - March 1, 2022},
  pages        = {12342--12350},
  publisher    = {{AAAI} Press},
  year         = {2022},
}
@inproceedings{minimal-image-fxai,
  author       = {Shahaf Bassan and
                  Guy Katz},
  editor       = {Sriram Sankaranarayanan and
                  Natasha Sharygina},
  title        = {Towards Formal {XAI:} Formally Approximate Minimal Explanations of
                  Neural Networks},
  booktitle    = {Tools and Algorithms for the Construction and Analysis of Systems
                  - 29th International Conference, {TACAS} 2023, Held as Part of the
                  European Joint Conferences on Theory and Practice of Software, {ETAPS}
                  2022, Paris, France, April 22-27, 2023, Proceedings, Part {I}},
  series       = {Lecture Notes in Computer Science},
  volume       = {13993},
  pages        = {187--207},
  publisher    = {Springer},
  year         = {2023},
}
@inproceedings{cegarette,
  author       = {Elazar Cohen and
                  Yizhak Yisrael Elboher and
                  Clark W. Barrett and
                  Guy Katz},
  editor       = {Ruzica Piskac and
                  Andrei Voronkov},
  title        = {Tighter Abstract Queries in Neural Network Verification},
  booktitle    = {{LPAR} 2023: Proceedings of 24th International Conference on Logic
                  for Programming, Artificial Intelligence and Reasoning, Manizales,
                  Colombia, 4-9th June 2023},
  series       = {EPiC Series in Computing},
  volume       = {94},
  pages        = {124--143},
  publisher    = {EasyChair},
  year         = {2023},
}
@inproceedings{cleverest-nn,
  author       = {Zhe Zhao and
                  Yedi Zhang and
                  Guangke Chen and
                  Fu Song and
                  Taolue Chen and
                  Jiaxiang Liu},
  editor       = {Gagandeep Singh and
                  Caterina Urban},
  title        = {{CLEVEREST:} Accelerating CEGAR-based Neural Network Verification
                  via Adversarial Attacks},
  booktitle    = {Static Analysis - 29th International Symposium, {SAS} 2022, Auckland,
                  New Zealand, December 5-7, 2022, Proceedings},
  series       = {Lecture Notes in Computer Science},
  volume       = {13790},
  pages        = {449--473},
  publisher    = {Springer},
  year         = {2022},
}
@inproceedings{conv-abs-gk,
  author       = {Matan Ostrovsky and
                  Clark W. Barrett and
                  Guy Katz},
  editor       = {Ahmed Bouajjani and
                  Luk{\'{a}}s Hol{\'{\i}}k and
                  Zhilin Wu},
  title        = {An Abstraction-Refinement Approach to Verifying Convolutional Neural
                  Networks},
  booktitle    = {Automated Technology for Verification and Analysis - 20th International
                  Symposium, {ATVA} 2022, Virtual Event, October 25-28, 2022, Proceedings},
  series       = {Lecture Notes in Computer Science},
  volume       = {13505},
  pages        = {391--396},
  publisher    = {Springer},
  year         = {2022},
} % This doesnt work for some reason...
@inproceedings{deep-abstract,
  author       = {Pranav Ashok and
                  Vahid Hashemi and
                  Jan Kret{\'{\i}}nsk{\'{y}} and
                  Stefanie Mohr},
  editor       = {Dang Van Hung and
                  Oleg Sokolsky},
  title        = {DeepAbstract: Neural Network Abstraction for Accelerating Verification},
  booktitle    = {Automated Technology for Verification and Analysis - 18th International
                  Symposium, {ATVA} 2020, Hanoi, Vietnam, October 19-23, 2020, Proceedings},
  series       = {Lecture Notes in Computer Science},
  volume       = {12302},
  pages        = {92--107},
  publisher    = {Springer},
  year         = {2020},
}
@inproceedings{lin-comb-abs-jan,
  author       = {Calvin Chau and
                  Jan Kret{\'{\i}}nsk{\'{y}} and
                  Stefanie Mohr},
  editor       = {{\'{E}}tienne Andr{\'{e}} and
                  Jun Sun},
  title        = {Syntactic vs Semantic Linear Abstraction and Refinement of Neural
                  Networks},
  booktitle    = {Automated Technology for Verification and Analysis - 21st International
                  Symposium, {ATVA} 2023, Singapore, October 24-27, 2023, Proceedings,
                  Part {I}},
  series       = {Lecture Notes in Computer Science},
  volume       = {14215},
  pages        = {401--421},
  publisher    = {Springer},
  year         = {2023},
}
@INPROCEEDINGS{acasxu,
  author={Owen, Michael P. and Panken, Adam and Moss, Robert and Alvarez, Luis and Leeper, Charles},
  booktitle={2019 IEEE/AIAA 38th Digital Avionics Systems Conference (DASC)}, 
  title={ACAS Xu: Integrated Collision Avoidance and Detect and Avoid Capability for UAS}, 
  year={2019},
  volume={},
  number={},
  pages={1-10},
  keywords={},
  doi={10.1109/DASC43569.2019.9081758}
}
@inproceedings{marabou,
  author       = {Guy Katz and
                  Derek A. Huang and
                  Duligur Ibeling and
                  Kyle Julian and
                  Christopher Lazarus and
                  Rachel Lim and
                  Parth Shah and
                  Shantanu Thakoor and
                  Haoze Wu and
                  Aleksandar Zeljic and
                  David L. Dill and
                  Mykel J. Kochenderfer and
                  Clark W. Barrett},
  editor       = {Isil Dillig and
                  Serdar Tasiran},
  title        = {The Marabou Framework for Verification and Analysis of Deep Neural
                  Networks},
  booktitle    = {Computer Aided Verification - 31st International Conference, {CAV}
                  2019, New York City, NY, USA, July 15-18, 2019, Proceedings, Part
                  {I}},
  series       = {Lecture Notes in Computer Science},
  volume       = {11561},
  pages        = {443--452},
  publisher    = {Springer},
  year         = {2019},
}
@article{marabouv2,
  author       = {Haoze Wu and
                  Omri Isac and
                  Aleksandar Zeljic and
                  Teruhiro Tagomori and
                  Matthew L. Daggitt and
                  Wen Kokke and
                  Idan Refaeli and
                  Guy Amir and
                  Kyle Julian and
                  Shahaf Bassan and
                  Pei Huang and
                  Ori Lahav and
                  Min Wu and
                  Min Zhang and
                  Ekaterina Komendantskaya and
                  Guy Katz and
                  Clark W. Barrett},
  title        = {Marabou 2.0: {A} Versatile Formal Analyzer of Neural Networks},
  journal      = {CoRR},
  volume       = {abs/2401.14461},
  year         = {2024},
  eprinttype    = {arXiv},
  eprint       = {2401.14461},
}
@inproceedings{crown,
  author       = {Huan Zhang and
                  Tsui{-}Wei Weng and
                  Pin{-}Yu Chen and
                  Cho{-}Jui Hsieh and
                  Luca Daniel},
  editor       = {Samy Bengio and
                  Hanna M. Wallach and
                  Hugo Larochelle and
                  Kristen Grauman and
                  Nicol{\`{o}} Cesa{-}Bianchi and
                  Roman Garnett},
  title        = {Efficient Neural Network Robustness Certification with General Activation
                  Functions},
  booktitle    = {Advances in Neural Information Processing Systems 31: Annual Conference
                  on Neural Information Processing Systems 2018, NeurIPS 2018, December
                  3-8, 2018, Montr{\'{e}}al, Canada},
  pages        = {4944--4953},
  year         = {2018},
}
@article{convex-relax-barrier,
  title={A Convex Relaxation Barrier to Tight Robustness Verification of Neural
         Networks},
  author={Salman, Hadi and Yang, Greg and Zhang, Huan and Hsieh, Cho-Jui and
          Zhang, Pengchuan},
  journal={Advances in Neural Information Processing Systems},
  volume={32},
  pages={9835--9846},
  year={2019}
}
@article{alpha-crown-bab-fnc,
  author       = {Kaidi Xu and
                  Huan Zhang and
                  Shiqi Wang and
                  Yihan Wang and
                  Suman Jana and
                  Xue Lin and
                  Cho{-}Jui Hsieh},
  title        = {Fast and Complete: Enabling Complete Neural Network Verification with
                  Rapid and Massively Parallel Incomplete Verifiers},
  journal      = {CoRR},
  volume       = {abs/2011.13824},
  year         = {2020},
  eprinttype    = {arXiv},
  eprint       = {2011.13824},
}
@inproceedings{beta-crown,
  author       = {Shiqi Wang and
                  Huan Zhang and
                  Kaidi Xu and
                  Xue Lin and
                  Suman Jana and
                  Cho{-}Jui Hsieh and
                  J. Zico Kolter},
  editor       = {Marc'Aurelio Ranzato and
                  Alina Beygelzimer and
                  Yann N. Dauphin and
                  Percy Liang and
                  Jennifer Wortman Vaughan},
  title        = {Beta-CROWN: Efficient Bound Propagation with Per-neuron Split Constraints
                  for Neural Network Robustness Verification},
  booktitle    = {Advances in Neural Information Processing Systems 34: Annual Conference
                  on Neural Information Processing Systems 2021, NeurIPS 2021, December
                  6-14, 2021, virtual},
  pages        = {29909--29921},
  year         = {2021},
}
@InProceedings{bab-fw,
  title = 	 {A Branch and Bound Framework for Stronger Adversarial Attacks of
             {R}e{LU} Networks},
  author =       {Zhang, Huan and Wang, Shiqi and Xu, Kaidi and Wang, Yihan and
                  Jana, Suman and Hsieh, Cho-Jui and Kolter, Zico},
  booktitle = 	 {Proceedings of the 39th International Conference on Machine
                 Learning},
  volume = 	 {162},
  pages = 	 {26591--26604},
  year = 	 {2022},
}
@article{gcp-crown,
  title={General Cutting Planes for Bound-Propagation-Based Neural Network
         Verification},
  author={Zhang, Huan and Wang, Shiqi and Xu, Kaidi and Li, Linyi and Li, Bo and
          Jana, Suman and Hsieh, Cho-Jui and Kolter, J Zico},
  journal={Advances in Neural Information Processing Systems},
  year={2022}
}
@article{bab-nonlin,
  title={Formal Verification for Neural Networks with General Nonlinearities via
         Branch-and-Bound},
  author={Shi, Zhouxing and Jin, Qirui and Kolter, J Zico and Jana, Suman and
          Hsieh, Cho-Jui and Zhang, Huan},
  journal={2nd Workshop on Formal Verification of Machine Learning (WFVML
           2023)},
  year={2023}
}
@inproceedings{autolirpa,
  author       = {Kaidi Xu and
                  Zhouxing Shi and
                  Huan Zhang and
                  Yihan Wang and
                  Kai{-}Wei Chang and
                  Minlie Huang and
                  Bhavya Kailkhura and
                  Xue Lin and
                  Cho{-}Jui Hsieh},
  editor       = {Hugo Larochelle and
                  Marc'Aurelio Ranzato and
                  Raia Hadsell and
                  Maria{-}Florina Balcan and
                  Hsuan{-}Tien Lin},
  title        = {Automatic Perturbation Analysis for Scalable Certified Robustness
                  and Beyond},
  booktitle    = {Advances in Neural Information Processing Systems 33: Annual Conference
                  on Neural Information Processing Systems 2020, NeurIPS 2020, December
                  6-12, 2020, virtual},
  year         = {2020},
}

@inproceedings{formal-ver-piece-wise,
  author       = {R{\"{u}}diger Ehlers},
  editor       = {Deepak D'Souza and
                  K. Narayan Kumar},
  title        = {Formal Verification of Piece-Wise Linear Feed-Forward Neural Networks},
  booktitle    = {Automated Technology for Verification and Analysis - 15th International
                  Symposium, {ATVA} 2017, Pune, India, October 3-6, 2017, Proceedings},
  series       = {Lecture Notes in Computer Science},
  volume       = {10482},
  pages        = {269--286},
  publisher    = {Springer},
  year         = {2017},
}

@article{bab-piecewise-nn,
  author       = {Rudy Bunel and
                  Jingyue Lu and
                  Ilker Turkaslan and
                  Philip H. S. Torr and
                  Pushmeet Kohli and
                  M. Pawan Kumar},
  title        = {Branch and Bound for Piecewise Linear Neural Network Verification},
  journal      = {J. Mach. Learn. Res.},
  volume       = {21},
  pages        = {42:1--42:39},
  year         = {2020},
}

@article{bab-lagrangian-decomp,
  author       = {Alessandro De Palma and
                  Rudy Bunel and
                  Alban Desmaison and
                  Krishnamurthy Dvijotham and
                  Pushmeet Kohli and
                  Philip H. S. Torr and
                  M. Pawan Kumar},
  title        = {Improved Branch and Bound for Neural Network Verification via Lagrangian
                  Decomposition},
  journal      = {CoRR},
  volume       = {abs/2104.06718},
  year         = {2021},
}

@book{simplex,
author="Dantzig, George Bernard",
title="Linear Programming and Extensions",
address="Santa Monica, CA",
year="1963",
doi="10.7249/R366",
publisher="RAND Corporation"
}

@inproceedings{backdoor-verification,
  author       = {Long H. Pham and
                  Jun Sun},
  editor       = {Sharon Shoham and
                  Yakir Vizel},
  title        = {Verifying Neural Networks Against Backdoor Attacks},
  booktitle    = {Computer Aided Verification - 34th International Conference, {CAV}
                  2022, Haifa, Israel, August 7-10, 2022, Proceedings, Part {I}},
  series       = {Lecture Notes in Computer Science},
  volume       = {13371},
  pages        = {171--192},
  publisher    = {Springer},
  year         = {2022},
}

@article{comp-reachability-analysis,
  author       = {Alessio Lomuscio and
                  Lalit Maganti},
  title        = {An approach to reachability analysis for feed-forward ReLU neural
                  networks},
  journal      = {CoRR},
  volume       = {abs/1706.07351},
  year         = {2017},
  url          = {http://arxiv.org/abs/1706.07351},
  eprinttype    = {arXiv},
  eprint       = {1706.07351},
}

@article{comp-milp,
  author       = {Matteo Fischetti and
                  Jason Jo},
  title        = {Deep neural networks and mixed integer linear optimization},
  journal      = {Constraints An Int. J.},
  volume       = {23},
  number       = {3},
  pages        = {296--309},
  year         = {2018},
}

@inproceedings{comp-out-range,
  author       = {Souradeep Dutta and
                  Susmit Jha and
                  Sriram Sankaranarayanan and
                  Ashish Tiwari},
  editor       = {Aaron Dutle and
                  C{\'{e}}sar A. Mu{\~{n}}oz and
                  Anthony Narkawicz},
  title        = {Output Range Analysis for Deep Feedforward Neural Networks},
  booktitle    = {{NASA} Formal Methods - 10th International Symposium, {NFM} 2018,
                  Newport News, VA, USA, April 17-19, 2018, Proceedings},
  series       = {Lecture Notes in Computer Science},
  volume       = {10811},
  pages        = {121--138},
  publisher    = {Springer},
  year         = {2018},
}

@article{comp-max-resilience,
  author       = {Chih{-}Hong Cheng and
                  Georg N{\"{u}}hrenberg and
                  Harald Ruess},
  title        = {Maximum Resilience of Artificial Neural Networks},
  journal      = {CoRR},
  volume       = {abs/1705.01040},
  year         = {2017},
  eprinttype    = {arXiv},
  eprint       = {1705.01040},
}

@inproceedings{comp-safety-ver-dnn,
  author       = {Daniel Neider and
                  Taylor T. Johnson},
  editor       = {Bernhard Steffen},
  title        = {Track {C1:} Safety Verification of Deep Neural Networks (DNNs)},
  booktitle    = {Bridging the Gap Between {AI} and Reality - First International Conference,
                  AISoLA 2023, Crete, Greece, October 23-28, 2023, Proceedings},
  series       = {Lecture Notes in Computer Science},
  volume       = {14380},
  pages        = {217--224},
  publisher    = {Springer},
  year         = {2023},
}

@inproceedings{incomp-dual-approach,
  author       = {Krishnamurthy Dvijotham and
                  Robert Stanforth and
                  Sven Gowal and
                  Timothy A. Mann and
                  Pushmeet Kohli},
  editor       = {Amir Globerson and
                  Ricardo Silva},
  title        = {A Dual Approach to Scalable Verification of Deep Networks},
  booktitle    = {Proceedings of the Thirty-Fourth Conference on Uncertainty in Artificial
                  Intelligence, {UAI} 2018, Monterey, California, USA, August 6-10,
                  2018},
  pages        = {550--559},
  publisher    = {{AUAI} Press},
  year         = {2018},
}

@inproceedings{incomp-abs-inp,
  author       = {Timon Gehr and
                  Matthew Mirman and
                  Dana Drachsler{-}Cohen and
                  Petar Tsankov and
                  Swarat Chaudhuri and
                  Martin T. Vechev},
  title        = {{AI2:} Safety and Robustness Certification of Neural Networks with
                  Abstract Interpretation},
  booktitle    = {2018 {IEEE} Symposium on Security and Privacy, {SP} 2018, Proceedings,
                  21-23 May 2018, San Francisco, California, {USA}},
  pages        = {3--18},
  publisher    = {{IEEE} Computer Society},
  year         = {2018},
}

@inproceedings{incomp-robustness-certi,
  author       = {Gagandeep Singh and
                  Timon Gehr and
                  Matthew Mirman and
                  Markus P{\"{u}}schel and
                  Martin T. Vechev},
  editor       = {Samy Bengio and
                  Hanna M. Wallach and
                  Hugo Larochelle and
                  Kristen Grauman and
                  Nicol{\`{o}} Cesa{-}Bianchi and
                  Roman Garnett},
  title        = {Fast and Effective Robustness Certification},
  booktitle    = {Advances in Neural Information Processing Systems 31: Annual Conference
                  on Neural Information Processing Systems 2018, NeurIPS 2018, December
                  3-8, 2018, Montr{\'{e}}al, Canada},
  pages        = {10825--10836},
  year         = {2018},
}

@inproceedings{incomp-boost-robustness,
  author       = {Gagandeep Singh and
                  Timon Gehr and
                  Markus P{\"{u}}schel and
                  Martin T. Vechev},
  title        = {Boosting Robustness Certification of Neural Networks},
  booktitle    = {7th International Conference on Learning Representations, {ICLR} 2019,
                  New Orleans, LA, USA, May 6-9, 2019},
  publisher    = {OpenReview.net},
  year         = {2019},
}

@article{dnn-compression,
  author       = {Yu Cheng and
                  Duo Wang and
                  Pan Zhou and
                  Tao Zhang},
  title        = {A Survey of Model Compression and Acceleration for Deep Neural Networks},
  journal      = {CoRR},
  volume       = {abs/1710.09282},
  year         = {2017},
  eprinttype    = {arXiv},
  eprint       = {1710.09282},
}

@article{backdoor-poisoning,
  author       = {Xinyun Chen and
                  Chang Liu and
                  Bo Li and
                  Kimberly Lu and
                  Dawn Song},
  title        = {Targeted Backdoor Attacks on Deep Learning Systems Using Data Poisoning},
  journal      = {CoRR},
  volume       = {abs/1712.05526},
  year         = {2017},
  eprinttype    = {arXiv},
  eprint       = {1712.05526},
}
@Article{numpy,
 title         = {Array programming with {NumPy}},
 author        = {Charles R. Harris and K. Jarrod Millman and St{\'{e}}fan J.
                 van der Walt and Ralf Gommers and Pauli Virtanen and David
                 Cournapeau and Eric Wieser and Julian Taylor and Sebastian
                 Berg and Nathaniel J. Smith and Robert Kern and Matti Picus
                 and Stephan Hoyer and Marten H. van Kerkwijk and Matthew
                 Brett and Allan Haldane and Jaime Fern{\'{a}}ndez del
                 R{\'{i}}o and Mark Wiebe and Pearu Peterson and Pierre
                 G{\'{e}}rard-Marchant and Kevin Sheppard and Tyler Reddy and
                 Warren Weckesser and Hameer Abbasi and Christoph Gohlke and
                 Travis E. Oliphant},
 year          = {2020},
 month         = sep,
 journal       = {Nature},
 volume        = {585},
 number        = {7825},
 pages         = {357--362},
}
@article{vnncomp-1-3,
  author       = {Christopher Brix and
                  Mark Niklas M{\"{u}}ller and
                  Stanley Bak and
                  Taylor T. Johnson and
                  Changliu Liu},
  title        = {First three years of the international verification of neural networks
                  competition {(VNN-COMP)}},
  journal      = {Int. J. Softw. Tools Technol. Transf.},
  volume       = {25},
  number       = {3},
  pages        = {329--339},
  year         = {2023},
}
@article{vnncomp-4,
  author       = {Christopher Brix and
                  Stanley Bak and
                  Changliu Liu and
                  Taylor T. Johnson},
  title        = {The Fourth International Verification of Neural Networks Competition
                  {(VNN-COMP} 2023): Summary and Results},
  journal      = {CoRR},
  volume       = {abs/2312.16760},
  year         = {2023},
  eprinttype    = {arXiv},
  eprint       = {2312.16760},
}
@inproceedings{nn-lander-verif,
  author       = {Ulices Santa Cruz and
                  Yasser Shoukry},
  editor       = {Jyotirmoy V. Deshmukh and
                  Klaus Havelund and
                  Ivan Perez},
  title        = {NNLander-VeriF: {A} Neural Network Formal Verification Framework for
                  Vision-Based Autonomous Aircraft Landing},
  booktitle    = {{NASA} Formal Methods - 14th International Symposium, {NFM} 2022,
                  Pasadena, CA, USA, May 24-27, 2022, Proceedings},
  series       = {Lecture Notes in Computer Science},
  volume       = {13260},
  pages        = {213--230},
  publisher    = {Springer},
  year         = {2022},
}
@ARTICLE{camera-verif-dsouza,
  author={Habeeb, P. and Deka, Nabarun and D’Souza, Deepak and Lodaya, Kamal and Prabhakar, Pavithra},
  journal={IEEE Transactions on Computer-Aided Design of Integrated Circuits and Systems}, 
  title={Verification of Camera-Based Autonomous Systems}, 
  year={2023},
  volume={42},
  number={10},
  pages={3450-3463},
  keywords={Cameras;Trajectory;Sensors;Image color analysis;Apertures;Laser radar;Autonomous vehicles;Autonomous vehicles;cameras;mobile robots;software verification and validation},
}
@inproceedings{generalization-verif,
  author       = {Guy Amir and
                  Osher Maayan and
                  Tom Zelazny and
                  Guy Katz and
                  Michael Schapira},
  editor       = {Constantin Enea and
                  Akash Lal},
  title        = {Verifying Generalization in Deep Learning},
  booktitle    = {Computer Aided Verification - 35th International Conference, {CAV}
                  2023, Paris, France, July 17-22, 2023, Proceedings, Part {II}},
  series       = {Lecture Notes in Computer Science},
  volume       = {13965},
  pages        = {438--455},
  publisher    = {Springer},
  year         = {2023},
}
@article{cegar,
  author       = {Edmund M. Clarke and
                  Orna Grumberg and
                  Somesh Jha and
                  Yuan Lu and
                  Helmut Veith},
  title        = {Counterexample-guided abstraction refinement for symbolic model checking},
  journal      = {J. {ACM}},
  volume       = {50},
  number       = {5},
  pages        = {752--794},
  year         = {2003},
}
@article{mnist,
  title={The mnist database of handwritten digit images for machine learning
         research },
  author={Deng, Li},
  journal={IEEE Signal Processing Magazine},
  volume={29},
  number={6},
  pages={141--142},
  year={2012},
  publisher={IEEE}
}
@inproceedings{l-bfgs,
  author       = {Christian Szegedy and
                  Wojciech Zaremba and
                  Ilya Sutskever and
                  Joan Bruna and
                  Dumitru Erhan and
                  Ian J. Goodfellow and
                  Rob Fergus},
  editor       = {Yoshua Bengio and
                  Yann LeCun},
  title        = {Intriguing properties of neural networks},
  booktitle    = {2nd International Conference on Learning Representations, {ICLR} 2014,
                  Banff, AB, Canada, April 14-16, 2014, Conference Track Proceedings},
  year         = {2014},
}
@inproceedings{fgsm,
  author       = {Ian J. Goodfellow and
                  Jonathon Shlens and
                  Christian Szegedy},
  editor       = {Yoshua Bengio and
                  Yann LeCun},
  title        = {Explaining and Harnessing Adversarial Examples},
  booktitle    = {3rd International Conference on Learning Representations, {ICLR} 2015,
                  San Diego, CA, USA, May 7-9, 2015, Conference Track Proceedings},
  year         = {2015},
}
@inproceedings{deep-fool,
  author       = {Seyed{-}Mohsen Moosavi{-}Dezfooli and
                  Alhussein Fawzi and
                  Pascal Frossard},
  title        = {DeepFool: {A} Simple and Accurate Method to Fool Deep Neural Networks},
  booktitle    = {2016 {IEEE} Conference on Computer Vision and Pattern Recognition,
                  {CVPR} 2016, Las Vegas, NV, USA, June 27-30, 2016},
  pages        = {2574--2582},
  publisher    = {{IEEE} Computer Society},
  year         = {2016},
}
@inproceedings{pgd,
  author       = {Alexey Kurakin and
                  Ian J. Goodfellow and
                  Samy Bengio},
  title        = {Adversarial examples in the physical world},
  booktitle    = {5th International Conference on Learning Representations, {ICLR} 2017,
                  Toulon, France, April 24-26, 2017, Workshop Track Proceedings},
  publisher    = {OpenReview.net},
  year         = {2017},
}
@misc{ground-truth-adv-attack,
      title={Provably Minimally-Distorted Adversarial Examples}, 
      author={Nicholas Carlini and Guy Katz and Clark Barrett and David L. Dill},
      year={2018},
      eprint={1709.10207},
      archivePrefix={arXiv},
      primaryClass={cs.LG}
}
@inproceedings{cw-attack,
  author       = {Nicholas Carlini and
                  David A. Wagner},
  title        = {Towards Evaluating the Robustness of Neural Networks},
  booktitle    = {2017 {IEEE} Symposium on Security and Privacy, {SP} 2017, San Jose,
                  CA, USA, May 22-26, 2017},
  pages        = {39--57},
  publisher    = {{IEEE} Computer Society},
  year         = {2017},
}
@inproceedings{lipschitz-reach,
  author       = {Wenjie Ruan and
                  Xiaowei Huang and
                  Marta Kwiatkowska},
  editor       = {J{\'{e}}r{\^{o}}me Lang},
  title        = {Reachability Analysis of Deep Neural Networks with Provable Guarantees},
  booktitle    = {Proceedings of the Twenty-Seventh International Joint Conference on
                  Artificial Intelligence, {IJCAI} 2018, July 13-19, 2018, Stockholm,
                  Sweden},
  pages        = {2651--2659},
  publisher    = {ijcai.org},
  year         = {2018},
}

@article{hierarchial_clus,
author = {Joe H. Ward Jr.},
title = {Hierarchical Grouping to Optimize an Objective Function},
journal = {Journal of the American Statistical Association},
volume = {58},
number = {301},
pages = {236-244},
year = {1963},
publisher = {Taylor & Francis},
}

@inproceedings{pgd-attack,
  author       = {Yinpeng Dong and
                  Fangzhou Liao and
                  Tianyu Pang and
                  Hang Su and
                  Jun Zhu and
                  Xiaolin Hu and
                  Jianguo Li},
  title        = {Boosting Adversarial Attacks With Momentum},
  booktitle    = {2018 {IEEE} Conference on Computer Vision and Pattern Recognition,
                  {CVPR} 2018, Salt Lake City, UT, USA, June 18-22, 2018},
  pages        = {9185--9193},
  publisher    = {Computer Vision Foundation / {IEEE} Computer Society},
  year         = {2018},
}

@misc{chauhan2022efficiently,
      title={Efficiently Finding Adversarial Examples with DNN Preprocessing}, 
      author={Avriti Chauhan and Mohammad Afzal and Hrishikesh Karmarkar and Yizhak Elboher and Kumar Madhukar and Guy Katz},
      year={2022},
      eprint={2211.08706},
      archivePrefix={arXiv},
      primaryClass={cs.LG}
}

@misc{liu2022abstraction,
      title={Abstraction and Refinement: Towards Scalable and Exact Verification of Neural Networks}, 
      author={Jiaxiang Liu and Yunhan Xing and Xiaomu Shi and Fu Song and Zhiwu Xu and Zhong Ming},
      year={2022},
      eprint={2207.00759},
      archivePrefix={arXiv},
      primaryClass={cs.SE}
}

@article{10.1145/3644387,
author = {Liu, Jiaxiang and Xing, Yunhan and Shi, Xiaomu and Song, Fu and Xu, Zhiwu and Ming, Zhong},
title = {Abstraction and Refinement: Towards Scalable and Exact Verification of Neural Networks},
year = {2024},
publisher = {Association for Computing Machinery},
address = {New York, NY, USA},
issn = {1049-331X},
url = {https://doi.org/10.1145/3644387},
doi = {10.1145/3644387},
note = {Just Accepted},
journal = {ACM Trans. Softw. Eng. Methodol.},
month = {feb},
keywords = {Neural networks, abstraction, refinement, CEGAR, formal verification, robustness}
}

  
