@ARTICLE{b1,
  author={Djavanshir, G. Reza and Chen, Xinrui and Yang, Wenhao},
  journal={IT Professional}, 
  title={A Review of Artificial Intelligence's Neural Networks (Deep Learning) Applications in Medical Diagnosis and Prediction}, 
  year={2021},
  volume={23},
  number={3},
  pages={58-62},
  doi={10.1109/MITP.2021.3073665}
}
\bibitem{b2} Arpan Mangal, Surya Kalia, Harish Rajgopal, Krithika Rangarajan,
Vinay P. Namboodiri, Subhashis Banerjee, Chetan Arora:
CovidAID: \textbf{COVID-19 Detection Using Chest X-Ray.} CoRR abs/2004.09803 (2020) 
\bibitem{b3} Mariusz Bojarski, Davide Del Testa, Daniel Dworakowski, Bernhard Firner, Beat Flepp, Prasoon Goyal, Lawrence D. Jackel, Mathew Monfort, Urs Muller, Jiakai Zhang, Xin Zhang, Jake Zhao, Karol Zieba: \textbf{End to End Learning for Self-Driving Cars.} CoRR abs/1604.07316 (2016)
\bibitem{b4} Guy Katz, Clark W. Barrett, David L. Dill, Kyle Julian, Mykel J. Kochenderfer:
Reluplex: \textbf{An Efficient SMT Solver for Verifying Deep Neural Networks.} CAV (1) 2017: 97-117
\bibitem{b5} Gagandeep Singh, Timon Gehr, Markus PÃ¼schel, Martin T. Vechev: \textbf{An abstract domain for certifying neural networks.} Proc. ACM Program. Lang. 3(POPL): 41:1-41:30 (2019)
\bibitem{b6} Yizhak Yisrael Elboher, Justin Gottschlich, Guy Katz: \textbf{
An Abstraction-Based Framework for Neural Network Verification}. CAV 2020: 43-65
