@article{deeppoly,
  author       = {Gagandeep Singh and
                  Timon Gehr and
                  Markus P{\"{u}}schel and
                  Martin T. Vechev},
  title        = {An abstract domain for certifying neural networks},
  journal      = {Proc. {ACM} Program. Lang.},
  volume       = {3},
  number       = {{POPL}},
  pages        = {41:1--41:30},
  year         = {2019},
  url          = {https://doi.org/10.1145/3290354},
  doi          = {10.1145/3290354},
  timestamp    = {Wed, 17 Feb 2021 08:54:04 +0100},
  biburl       = {https://dblp.org/rec/journals/pacmpl/SinghGPV19.bib},
  bibsource    = {dblp computer science bibliography, https://dblp.org}
}
@inproceedings{lin-approx-syn,
  author       = {Brandon Paulsen and
                  Chao Wang},
  editor       = {Sharon Shoham and
                  Yakir Vizel},
  title        = {Example Guided Synthesis of Linear Approximations for Neural Network
                  Verification},
  booktitle    = {Computer Aided Verification - 34th International Conference, {CAV}
                  2022, Haifa, Israel, August 7-10, 2022, Proceedings, Part {I}},
  series       = {Lecture Notes in Computer Science},
  volume       = {13371},
  pages        = {149--170},
  publisher    = {Springer},
  year         = {2022},
  url          = {https://doi.org/10.1007/978-3-031-13185-1\_8},
  doi          = {10.1007/978-3-031-13185-1\_8},
  timestamp    = {Tue, 09 Aug 2022 17:05:51 +0200},
  biburl       = {https://dblp.org/rec/conf/cav/PaulsenW22.bib},
  bibsource    = {dblp computer science bibliography, https://dblp.org}
}
@inproceedings{lin-syn,
  author       = {Brandon Paulsen and
                  Chao Wang},
  editor       = {Dana Fisman and
                  Grigore Rosu},
  title        = {LinSyn: Synthesizing Tight Linear Bounds for Arbitrary Neural Network
                  Activation Functions},
  booktitle    = {Tools and Algorithms for the Construction and Analysis of Systems
                  - 28th International Conference, {TACAS} 2022, Held as Part of the
                  European Joint Conferences on Theory and Practice of Software, {ETAPS}
                  2022, Munich, Germany, April 2-7, 2022, Proceedings, Part {I}},
  series       = {Lecture Notes in Computer Science},
  volume       = {13243},
  pages        = {357--376},
  publisher    = {Springer},
  year         = {2022},
  url          = {https://doi.org/10.1007/978-3-030-99524-9\_19},
  doi          = {10.1007/978-3-030-99524-9\_19},
  timestamp    = {Fri, 29 Apr 2022 14:50:36 +0200},
  biburl       = {https://dblp.org/rec/conf/tacas/PaulsenW22.bib},
  bibsource    = {dblp computer science bibliography, https://dblp.org}
}
@inproceedings{crown,
  author       = {Huan Zhang and
                  Tsui{-}Wei Weng and
                  Pin{-}Yu Chen and
                  Cho{-}Jui Hsieh and
                  Luca Daniel},
  editor       = {Samy Bengio and
                  Hanna M. Wallach and
                  Hugo Larochelle and
                  Kristen Grauman and
                  Nicol{\`{o}} Cesa{-}Bianchi and
                  Roman Garnett},
  title        = {Efficient Neural Network Robustness Certification with General Activation
                  Functions},
  booktitle    = {Advances in Neural Information Processing Systems 31: Annual Conference
                  on Neural Information Processing Systems 2018, NeurIPS 2018, December
                  3-8, 2018, Montr{\'{e}}al, Canada},
  pages        = {4944--4953},
  year         = {2018},
  url          = {https://proceedings.neurips.cc/paper/2018/hash/d04863f100d59b3eb688a11f95b0ae60-Abstract.html},
  timestamp    = {Mon, 16 May 2022 15:41:51 +0200},
  biburl       = {https://dblp.org/rec/conf/nips/ZhangWCHD18.bib},
  bibsource    = {dblp computer science bibliography, https://dblp.org}
}
@inproceedings{ai2,
  author       = {Timon Gehr and
                  Matthew Mirman and
                  Dana Drachsler{-}Cohen and
                  Petar Tsankov and
                  Swarat Chaudhuri and
                  Martin T. Vechev},
  title        = {{AI2:} Safety and Robustness Certification of Neural Networks with
                  Abstract Interpretation},
  booktitle    = {2018 {IEEE} Symposium on Security and Privacy, {SP} 2018, Proceedings,
                  21-23 May 2018, San Francisco, California, {USA}},
  pages        = {3--18},
  publisher    = {{IEEE} Computer Society},
  year         = {2018},
  url          = {https://doi.org/10.1109/SP.2018.00058},
  doi          = {10.1109/SP.2018.00058},
  timestamp    = {Fri, 24 Mar 2023 00:03:11 +0100},
  biburl       = {https://dblp.org/rec/conf/sp/GehrMDTCV18.bib},
  bibsource    = {dblp computer science bibliography, https://dblp.org}
} 
@inproceedings{fast-lin,
  author       = {Tsui{-}Wei Weng and
                  Huan Zhang and
                  Hongge Chen and
                  Zhao Song and
                  Cho{-}Jui Hsieh and
                  Luca Daniel and
                  Duane S. Boning and
                  Inderjit S. Dhillon},
  editor       = {Jennifer G. Dy and
                  Andreas Krause},
  title        = {Towards Fast Computation of Certified Robustness for ReLU Networks},
  booktitle    = {Proceedings of the 35th International Conference on Machine Learning,
                  {ICML} 2018, Stockholmsm{\"{a}}ssan, Stockholm, Sweden, July
                  10-15, 2018},
  series       = {Proceedings of Machine Learning Research},
  volume       = {80},
  pages        = {5273--5282},
  publisher    = {{PMLR}},
  year         = {2018},
  url          = {http://proceedings.mlr.press/v80/weng18a.html},
  timestamp    = {Wed, 02 Dec 2020 16:43:27 +0100},
  biburl       = {https://dblp.org/rec/conf/icml/WengZCSHDBD18.bib},
  bibsource    = {dblp computer science bibliography, https://dblp.org}
}
@inproceedings{deepz,
  author       = {Gagandeep Singh and
                  Timon Gehr and
                  Matthew Mirman and
                  Markus P{\"{u}}schel and
                  Martin T. Vechev},
  editor       = {Samy Bengio and
                  Hanna M. Wallach and
                  Hugo Larochelle and
                  Kristen Grauman and
                  Nicol{\`{o}} Cesa{-}Bianchi and
                  Roman Garnett},
  title        = {Fast and Effective Robustness Certification},
  booktitle    = {Advances in Neural Information Processing Systems 31: Annual Conference
                  on Neural Information Processing Systems 2018, NeurIPS 2018, December
                  3-8, 2018, Montr{\'{e}}al, Canada},
  pages        = {10825--10836},
  year         = {2018},
  url          = {https://proceedings.neurips.cc/paper/2018/hash/f2f446980d8e971ef3da97af089481c3-Abstract.html},
  timestamp    = {Mon, 16 May 2022 15:41:51 +0200},
  biburl       = {https://dblp.org/rec/conf/nips/SinghGMPV18.bib},
  bibsource    = {dblp computer science bibliography, https://dblp.org}
}
@inproceedings{autolirpa,
  author       = {Kaidi Xu and
                  Zhouxing Shi and
                  Huan Zhang and
                  Yihan Wang and
                  Kai{-}Wei Chang and
                  Minlie Huang and
                  Bhavya Kailkhura and
                  Xue Lin and
                  Cho{-}Jui Hsieh},
  editor       = {Hugo Larochelle and
                  Marc'Aurelio Ranzato and
                  Raia Hadsell and
                  Maria{-}Florina Balcan and
                  Hsuan{-}Tien Lin},
  title        = {Automatic Perturbation Analysis for Scalable Certified Robustness
                  and Beyond},
  booktitle    = {Advances in Neural Information Processing Systems 33: Annual Conference
                  on Neural Information Processing Systems 2020, NeurIPS 2020, December
                  6-12, 2020, virtual},
  year         = {2020},
  url          = {https://proceedings.neurips.cc/paper/2020/hash/0cbc5671ae26f67871cb914d81ef8fc1-Abstract.html},
  timestamp    = {Tue, 19 Jan 2021 15:57:10 +0100},
  biburl       = {https://dblp.org/rec/conf/nips/XuS0WCHKLH20.bib},
  bibsource    = {dblp computer science bibliography, https://dblp.org}
}
@inproceedings{linsyn,
  author       = {Brandon Paulsen and
                  Chao Wang},
  editor       = {Dana Fisman and
                  Grigore Rosu},
  title        = {LinSyn: Synthesizing Tight Linear Bounds for Arbitrary Neural Network
                  Activation Functions},
  booktitle    = {Tools and Algorithms for the Construction and Analysis of Systems
                  - 28th International Conference, {TACAS} 2022, Held as Part of the
                  European Joint Conferences on Theory and Practice of Software, {ETAPS}
                  2022, Munich, Germany, April 2-7, 2022, Proceedings, Part {I}},
  series       = {Lecture Notes in Computer Science},
  volume       = {13243},
  pages        = {357--376},
  publisher    = {Springer},
  year         = {2022},
  url          = {https://doi.org/10.1007/978-3-030-99524-9\_19},
  doi          = {10.1007/978-3-030-99524-9\_19},
  timestamp    = {Fri, 29 Apr 2022 14:50:36 +0200},
  biburl       = {https://dblp.org/rec/conf/tacas/PaulsenW22.bib},
  bibsource    = {dblp computer science bibliography, https://dblp.org}
}
@article{alpha-crown-bab-fnc,
  author       = {Kaidi Xu and
                  Huan Zhang and
                  Shiqi Wang and
                  Yihan Wang and
                  Suman Jana and
                  Xue Lin and
                  Cho{-}Jui Hsieh},
  title        = {Fast and Complete: Enabling Complete Neural Network Verification with
                  Rapid and Massively Parallel Incomplete Verifiers},
  journal      = {CoRR},
  volume       = {abs/2011.13824},
  year         = {2020},
  url          = {https://arxiv.org/abs/2011.13824},
  eprinttype    = {arXiv},
  eprint       = {2011.13824},
  timestamp    = {Thu, 03 Dec 2020 16:48:26 +0100},
  biburl       = {https://dblp.org/rec/journals/corr/abs-2011-13824.bib},
  bibsource    = {dblp computer science bibliography, https://dblp.org}
}
@inproceedings{planet,
  author       = {R{\"{u}}diger Ehlers},
  editor       = {Deepak D'Souza and
                  K. Narayan Kumar},
  title        = {Formal Verification of Piece-Wise Linear Feed-Forward Neural Networks},
  booktitle    = {Automated Technology for Verification and Analysis - 15th International
                  Symposium, {ATVA} 2017, Pune, India, October 3-6, 2017, Proceedings},
  series       = {Lecture Notes in Computer Science},
  volume       = {10482},
  pages        = {269--286},
  publisher    = {Springer},
  year         = {2017},
  url          = {https://doi.org/10.1007/978-3-319-68167-2\_19},
  doi          = {10.1007/978-3-319-68167-2\_19},
  timestamp    = {Tue, 21 Mar 2023 20:59:41 +0100},
  biburl       = {https://dblp.org/rec/conf/atva/Ehlers17.bib},
  bibsource    = {dblp computer science bibliography, https://dblp.org}
}
@inproceedings{reluplex,
  author       = {Guy Katz and
                  Clark W. Barrett and
                  David L. Dill and
                  Kyle Julian and
                  Mykel J. Kochenderfer},
  editor       = {Rupak Majumdar and
                  Viktor Kuncak},
  title        = {Reluplex: An Efficient {SMT} Solver for Verifying Deep Neural Networks},
  booktitle    = {Computer Aided Verification - 29th International Conference, {CAV}
                  2017, Heidelberg, Germany, July 24-28, 2017, Proceedings, Part {I}},
  series       = {Lecture Notes in Computer Science},
  volume       = {10426},
  pages        = {97--117},
  publisher    = {Springer},
  year         = {2017},
  url          = {https://doi.org/10.1007/978-3-319-63387-9\_5},
  doi          = {10.1007/978-3-319-63387-9\_5},
  timestamp    = {Wed, 25 Sep 2019 18:02:04 +0200},
  biburl       = {https://dblp.org/rec/conf/cav/KatzBDJK17.bib},
  bibsource    = {dblp computer science bibliography, https://dblp.org}
}
@inproceedings{babsr,
  author       = {Rudy Bunel and
                  Ilker Turkaslan and
                  Philip H. S. Torr and
                  Pushmeet Kohli and
                  Pawan Kumar Mudigonda},
  editor       = {Samy Bengio and
                  Hanna M. Wallach and
                  Hugo Larochelle and
                  Kristen Grauman and
                  Nicol{\`{o}} Cesa{-}Bianchi and
                  Roman Garnett},
  title        = {A Unified View of Piecewise Linear Neural Network Verification},
  booktitle    = {Advances in Neural Information Processing Systems 31: Annual Conference
                  on Neural Information Processing Systems 2018, NeurIPS 2018, December
                  3-8, 2018, Montr{\'{e}}al, Canada},
  pages        = {4795--4804},
  year         = {2018},
  url          = {https://proceedings.neurips.cc/paper/2018/hash/be53d253d6bc3258a8160556dda3e9b2-Abstract.html},
  timestamp    = {Mon, 16 May 2022 15:41:51 +0200},
  biburl       = {https://dblp.org/rec/conf/nips/BunelTTKM18.bib},
  bibsource    = {dblp computer science bibliography, https://dblp.org}
}
@article{fsb,
  author       = {Alessandro De Palma and
                  Rudy Bunel and
                  Alban Desmaison and
                  Krishnamurthy Dvijotham and
                  Pushmeet Kohli and
                  Philip H. S. Torr and
                  M. Pawan Kumar},
  title        = {Improved Branch and Bound for Neural Network Verification via Lagrangian
                  Decomposition},
  journal      = {CoRR},
  volume       = {abs/2104.06718},
  year         = {2021},
  url          = {https://arxiv.org/abs/2104.06718},
  eprinttype    = {arXiv},
  eprint       = {2104.06718},
  timestamp    = {Mon, 19 Apr 2021 16:45:47 +0200},
  biburl       = {https://dblp.org/rec/journals/corr/abs-2104-06718.bib},
  bibsource    = {dblp computer science bibliography, https://dblp.org}
}
@inproceedings{beta-crown,
  author       = {Shiqi Wang and
                  Huan Zhang and
                  Kaidi Xu and
                  Xue Lin and
                  Suman Jana and
                  Cho{-}Jui Hsieh and
                  J. Zico Kolter},
  editor       = {Marc'Aurelio Ranzato and
                  Alina Beygelzimer and
                  Yann N. Dauphin and
                  Percy Liang and
                  Jennifer Wortman Vaughan},
  title        = {Beta-CROWN: Efficient Bound Propagation with Per-neuron Split Constraints
                  for Neural Network Robustness Verification},
  booktitle    = {Advances in Neural Information Processing Systems 34: Annual Conference
                  on Neural Information Processing Systems 2021, NeurIPS 2021, December
                  6-14, 2021, virtual},
  pages        = {29909--29921},
  year         = {2021},
  url          = {https://proceedings.neurips.cc/paper/2021/hash/fac7fead96dafceaf80c1daffeae82a4-Abstract.html},
  timestamp    = {Tue, 03 May 2022 16:20:49 +0200},
  biburl       = {https://dblp.org/rec/conf/nips/WangZXLJHK21.bib},
  bibsource    = {dblp computer science bibliography, https://dblp.org}
}
@article{prima,
  author       = {Mark Niklas M{\"{u}}ller and
                  Gleb Makarchuk and
                  Gagandeep Singh and
                  Markus P{\"{u}}schel and
                  Martin T. Vechev},
  title        = {Precise Multi-Neuron Abstractions for Neural Network Certification},
  journal      = {CoRR},
  volume       = {abs/2103.03638},
  year         = {2021},
  url          = {https://arxiv.org/abs/2103.03638},
  eprinttype    = {arXiv},
  eprint       = {2103.03638},
  timestamp    = {Mon, 15 Mar 2021 17:30:55 +0100},
  biburl       = {https://dblp.org/rec/journals/corr/abs-2103-03638.bib},
  bibsource    = {dblp computer science bibliography, https://dblp.org}
}
@inproceedings{cegar-nn,
  author       = {Yizhak Yisrael Elboher and
                  Justin Gottschlich and
                  Guy Katz},
  editor       = {Shuvendu K. Lahiri and
                  Chao Wang},
  title        = {An Abstraction-Based Framework for Neural Network Verification},
  booktitle    = {Computer Aided Verification - 32nd International Conference, {CAV}
                  2020, Los Angeles, CA, USA, July 21-24, 2020, Proceedings, Part {I}},
  series       = {Lecture Notes in Computer Science},
  volume       = {12224},
  pages        = {43--65},
  publisher    = {Springer},
  year         = {2020},
  url          = {https://doi.org/10.1007/978-3-030-53288-8\_3},
  doi          = {10.1007/978-3-030-53288-8\_3},
  timestamp    = {Wed, 12 Aug 2020 15:15:43 +0200},
  biburl       = {https://dblp.org/rec/conf/cav/ElboherGK20.bib},
  bibsource    = {dblp computer science bibliography, https://dblp.org}
}
